@ARTICLE{KELVINLETS:1,
AUTHOR="Fernando De Goes",
TITLE="Regularized Kelvinlets: sculpting brushes based on fundamental solutions of elasticity",
JOURNAL="ACM Transactions on Graphics (TOG)",
PUBLISHER="ACM",
YEAR="2017",
}
