@article{de_goes_regularized_2017,
	title = {Regularized kelvinlets: sculpting brushes based on fundamental solutions of elasticity},
	volume = {36},
	issn = {07300301},
	shorttitle = {Regularized kelvinlets},
	url = {http://dl.acm.org/citation.cfm?doid=3072959.3073595},
	doi = {10.1145/3072959.3073595},
	language = {en},
	number = {4},
	urldate = {2019-12-13},
	journal = {ACM Transactions on Graphics},
	author = {De Goes, Fernando and James, Doug L.},
	month = jul,
	year = {2017},
	pages = {1--11},
	file = {De Goes and James - 2017 - Regularized kelvinlets sculpting brushes based on.pdf:/home/dewey/.Zotero/storage/WBLI5BCQ/De Goes and James - 2017 - Regularized kelvinlets sculpting brushes based on.pdf:application/pdf}
}
