@Book{Alg,
  author =    {DPV},
  title =        {Algorithms},
  publisher =    {},
  year =         {2006},
}

